<?xml version="1.0" encoding="UTF-8"?><record xmlns="http://www.loc.gov/MARC21/slim" xmlns:cinclude="http://apache.org/cocoon/include/1.0" xmlns:zs="http://www.loc.gov/zing/srw/">
  <leader>00500cz  a2200121n  4500</leader>
  <controlfield tag="001">n  92041671 </controlfield>
  <controlfield tag="003">DLC</controlfield>
  <controlfield tag="005">19920415131021.2</controlfield>
  <controlfield tag="008">920415n| acannaab|          |n aaa |||  </controlfield>
  <datafield tag="010" ind1=" " ind2=" ">
    <subfield code="a">n  92041671 </subfield>
  </datafield>
  <datafield tag="040" ind1=" " ind2=" ">
    <subfield code="a">DLC</subfield>
    <subfield code="c">DLC</subfield>
    <subfield code="d">DLC</subfield>
  </datafield>
  <datafield tag="100" ind1="1" ind2="0">
    <subfield code="a">Degenhardt, C. Christopher</subfield>
  </datafield>
  <datafield tag="670" ind1=" " ind2=" ">
    <subfield code="a">Nat. Res. Council (U.S.). Comm. on the Protection of Fed. Facilities Against Terrorism. Protection of federal office bldgs. against terrorism, 1988:</subfield>
    <subfield code="b">p. iv (C. Christopher Degenhardt, chairman, EDAW, Inc., San Francisco, California)</subfield>
  </datafield>
</record>